@inproceedings{wijesinghe2021regularized,
  title={A regularized Wasserstein framework for graph kernels},
  author={Wijesinghe, Asiri and Wang, Qing and Gould, Stephen},
  booktitle={2021 IEEE International Conference on Data Mining (ICDM)},
  pages={739--748},
  year={2021},
  organization={IEEE}
}



@article{wijesinghe2021regularizedbis,

  title={Regularized regression},

  author={Wijesinghe, Author},

  journal={Journal of Example},

  volume={10},

  number={2},

  pages={123-145},

  year={2021},

  publisher={Example Publisher}

}

@inproceedings{titouan2019optimal,
  title={Optimal transport for structured data with application on graphs},
  author={Titouan, Vayer and Courty, Nicolas and Tavenard, Romain and Flamary, R{\'e}mi},
  booktitle={International Conference on Machine Learning},
  pages={6275--6284},
  year={2019},
  organization={PMLR}
}

@article{mercer1909xvi,
  title={Xvi. functions of positive and negative type, and their connection the theory of integral equations},
  author={Mercer, James},
  journal={Philosophical transactions of the royal society of London. Series A, containing papers of a mathematical or physical character},
  volume={209},
  number={441-458},
  pages={415--446},
  year={1909},
  publisher={The Royal Society London}
}

@inproceedings{labib2019hamming,
  title={Hamming distance completeness},
  author={Labib, Karim and Uznanski, Przemyslaw and Wolleb-Graf, Daniel},
  booktitle={30th Annual Symposium on Combinatorial Pattern Matching (CPM 2019)},
  volume={128},
  pages={14},
  year={2019},
  organization={Schloss Dagstuhl-Leibniz-Zentrum f{\"u}r Informatik}
} 


@article{luss2007support,
  title={Support vector machine classification with indefinite kernels},
  author={Luss, Ronny and d'Aspremont, Alexandre},
  journal={Advances in neural information processing systems},
  volume={20},
  year={2007}
}

@article{lanckriet2004learning,
  title={Learning the kernel matrix with semidefinite programming},
  author={Lanckriet, Gert RG and Cristianini, Nello and Bartlett, Peter and Ghaoui, Laurent El and Jordan, Michael I},
  journal={Journal of Machine learning research},
  volume={5},
  number={Jan},
  pages={27--72},
  year={2004}
}

@article{abu2018watch,
  title={Watch your step: Learning node embeddings via graph attention},
  author={Abu-El-Haija, Sami and Perozzi, Bryan and Al-Rfou, Rami and Alemi, Alexander A},
  journal={Advances in neural information processing systems},
  volume={31},
  year={2018}
}

@book{oudot2022cpp,
  title={Algorithms for Data Analysis in C++},
  author={Oudot, Steve},
  year={2022},
  organization={Ecole Polytechnique}
}